@article{zhang2017negative,
  title={Negative binomial mixed models for analyzing microbiome count data},
  author={Zhang, Xinyan and Mallick, Himel and Tang, Zaixiang and Zhang, Lei and Cui, Xiangqin and Benson, Andrew K and Yi, Nengjun},
  journal={BMC bioinformatics},
  volume={18},
  number={1},
  pages={1--10},
  year={2017},
  publisher={Springer}
}

@book{pawlowsky2015modeling,
  title={Modeling and analysis of compositional data},
  author={Pawlowsky-Glahn, Vera and Egozcue, Juan Jos{\'e} and Tolosana-Delgado, Raimon},
  year={2015},
  publisher={John Wiley \& Sons}
}

@article{egozcue2003isometric,
  title={Isometric logratio transformations for compositional data analysis},
  author={Egozcue, Juan Jos{\'e} and Pawlowsky-Glahn, Vera and Mateu-Figueras, Gl{\`o}ria and Barcelo-Vidal, Carles},
  journal={Mathematical geology},
  volume={35},
  number={3},
  pages={279--300},
  year={2003},
  publisher={Springer}
}

@article{hron2010exploratory,
  title={Exploratory compositional data analysis using the R-package robCompositions},
  author={Hron, Karel and Templ, Matthias and Filzmoser, Peter},
  year={2010},
  publisher={Minsk: BSU}
}

@article{zhang2018negative,
  title={Negative binomial mixed models for analyzing longitudinal microbiome data},
  author={Zhang, Xinyan and Pei, Yu-Fang and Zhang, Lei and Guo, Boyi and Pendegraft, Amanda H and Zhuang, Wenzhuo and Yi, Nengjun},
  journal={Frontiers in microbiology},
  volume={9},
  pages={1683},
  year={2018},
  publisher={Frontiers Media SA}
}

@article{joseph2013robust,
  title={Robust methods for differential abundance analysis in marker gene surveys},
  author={Joseph, N and Paulson, C and Corrada Bravo, H and Pop, M},
  journal={Nat. Methods},
  volume={10},
  pages={1200--1202},
  year={2013}
}


@article{liboschik2017tscount,
  title={tscount: An R package for analysis of count time series following generalized linear models},
  author={Liboschik, Tobias and Fokianos, Konstantinos and Fried, Roland},
  journal={Journal of Statistical Software},
  volume={82},
  number={1},
  pages={1--51},
  year={2017}
}

@article{DiGiulio2015,
  title={Temporal and spatial variation of the human microbiota during pregnancy},
  author={DiGiulio, Daniel B and Callahan, Benjamin J and McMurdie, Paul J and Costello, Elizabeth K and Lyell, Deirdre J and Robaczewska, Anna and Sun, Christine L and Goltsman, Daniela SA and Wong, Ronald J and Shaw, Gary and others},
  journal={Proceedings of the National Academy of Sciences},
  volume={112},
  number={35},
  pages={11060--11065},
  year={2015},
  publisher={National Acad Sciences}
}


@article{paulson2013differential,
  title={Differential abundance analysis for microbial marker-gene surveys},
  author={Paulson, Joseph N and Stine, O Colin and Bravo, H{\'e}ctor Corrada and Pop, Mihai},
  journal={Nature methods},
  volume={10},
  number={12},
  pages={1200--1202},
  year={2013},
  publisher={Nature Publishing Group}
}


@article{chen2020gut,
  title={Gut bacteria shared by children and their mothers associate with developmental level and social deficits in autism spectrum disorder},
  author={Chen, Yu and Fang, Hui and Li, Chunyan and Wu, Guojun and Xu, Ting and Yang, Xin and Zhao, Liping and Ke, Xiaoyan and Zhang, Chenhong},
  journal={Msphere},
  volume={5},
  number={6},
  pages={e01044--20},
  year={2020},
  publisher={Am Soc Microbiol}
}

@article{ospina2012general,
  title={A general class of zero-or-one inflated beta regression models},
  author={Ospina, Raydonal and Ferrari, Silvia LP},
  journal={Computational Statistics \& Data Analysis},
  volume={56},
  number={6},
  pages={1609--1623},
  year={2012},
  publisher={Elsevier}
}

@article{peng2016zero,
  title={Zero-inflated beta regression for differential abundance analysis with metagenomics data},
  author={Peng, Xiaoling and Li, Gang and Liu, Zhenqiu},
  journal={Journal of Computational Biology},
  volume={23},
  number={2},
  pages={102--110},
  year={2016},
  publisher={Mary Ann Liebert, Inc. 140 Huguenot Street, 3rd Floor New Rochelle, NY 10801 USA}
}

@article{yap2021autism,
  title={Autism-related dietary preferences mediate autism-gut microbiome associations},
  author={Yap, Chloe X and Henders, Anjali K and Alvares, Gail A and Wood, David LA and Krause, Lutz and Tyson, Gene W and Restuadi, Restuadi and Wallace, Leanne and McLaren, Tiana and Hansell, Narelle K and others},
  journal={Cell},
  volume={184},
  number={24},
  pages={5916--5931},
  year={2021},
  publisher={Elsevier}
}

@article{open2015estimating,
  title={Estimating the reproducibility of psychological science},
  author={Open Science Collaboration},
  journal={Science},
  volume={349},
  number={6251},
  pages={aac4716},
  year={2015},
  publisher={American Association for the Advancement of Science}
}

@article{kers2021power,
  title={The power of microbiome studies: Some considerations on which alpha and beta metrics to use and how to report results},
  author={Kers, Jannigje Gerdien and Saccenti, Edoardo},
  journal={Frontiers in microbiology},
  volume={12},
  year={2021},
  publisher={Frontiers Media SA}
}


@article{brussow2020problems,
  title={Problems with the concept of gut microbiota dysbiosis},
  author={Br{\"u}ssow, Harald},
  journal={Microbial biotechnology},
  volume={13},
  number={2},
  pages={423--434},
  year={2020},
  publisher={Wiley Online Library}
}

@article{robinson2010edger,
  title={edgeR: a Bioconductor package for differential expression analysis of digital gene expression data},
  author={Robinson, Mark D and McCarthy, Davis J and Smyth, Gordon K},
  journal={bioinformatics},
  volume={26},
  number={1},
  pages={139--140},
  year={2010},
  publisher={Oxford University Press}
}

@article{love2014moderated,
  title={Moderated estimation of fold change and dispersion for RNA-seq data with DESeq2},
  author={Love, Michael I and Huber, Wolfgang and Anders, Simon},
  journal={Genome biology},
  volume={15},
  number={12},
  pages={1--21},
  year={2014},
  publisher={BioMed Central}
}

@article{anders2010differential,
  title={Differential expression analysis for sequence count data},
  author={Anders, Simon and Huber, Wolfgang},
  journal={Nature Precedings},
  pages={1--1},
  year={2010},
  publisher={Nature Publishing Group}
}


@article{kodikara2022statistical,
  title={Statistical challenges in longitudinal microbiome data analysis},
  author={Kodikara, Saritha and Ellul, Susan and L{\^e} Cao, Kim-Anh},
  journal={Briefings in bioinformatics},
  volume={23},
  number={4},
  pages={bbac273},
  year={2022},
  publisher={Oxford University Press}
}


@article{chen2016two,
  title={A two-part mixed-effects model for analyzing longitudinal microbiome compositional data},
  author={Chen, Eric Z and Li, Hongzhe},
  journal={Bioinformatics},
  volume={32},
  number={17},
  pages={2611--2617},
  year={2016},
  publisher={Oxford University Press}
}


@article{lewis2015inflammation,
  title={Inflammation, antibiotics, and diet as environmental stressors of the gut microbiome in pediatric Crohnâ€™s disease},
  author={Lewis, James D and Chen, Eric Z and Baldassano, Robert N and Otley, Anthony R and Griffiths, Anne M and Lee, Dale and Bittinger, Kyle and Bailey, Aubrey and Friedman, Elliot S and Hoffmann, Christian and others},
  journal={Cell host \& microbe},
  volume={18},
  number={4},
  pages={489--500},
  year={2015},
  publisher={Elsevier}
}

@article{backhed2015dynamics,
  title={Dynamics and stabilization of the human gut microbiome during the first year of life},
  author={B{\"a}ckhed, Fredrik and Roswall, Josefine and Peng, Yangqing and Feng, Qiang and Jia, Huijue and Kovatcheva-Datchary, Petia and Li, Yin and Xia, Yan and Xie, Hailiang and Zhong, Huanzi and others},
  journal={Cell host \& microbe},
  volume={17},
  number={5},
  pages={690--703},
  year={2015},
  publisher={Elsevier}
}

@article{paulson2013differential,
  title={Differential abundance analysis for microbial marker-gene surveys},
  author={Paulson, Joseph N and Stine, O Colin and Bravo, H{\'e}ctor Corrada and Pop, Mihai},
  journal={Nature methods},
  volume={10},
  number={12},
  pages={1200--1202},
  year={2013},
  publisher={Nature Publishing Group}
}

@article{open2015estimating,
  title={Estimating the reproducibility of psychological science},
  author={Open Science Collaboration},
  journal={Science},
  volume={349},
  number={6251},
  pages={aac4716},
  year={2015},
  publisher={American Association for the Advancement of Science}
}

@book{xia2018statistical,
  title={Statistical analysis of microbiome data with R},
  author={Xia, Yinglin and Sun, Jun and Chen, Ding-Geng and others},
  volume={847},
  year={2018},
  publisher={Springer}
}

@article{ley2006human,
  title={Human gut microbes associated with obesity},
  author={Ley, Ruth E and Turnbaugh, Peter J and Klein, Samuel and Gordon, Jeffrey I},
  journal={nature},
  volume={444},
  number={7122},
  pages={1022--1023},
  year={2006},
  publisher={Nature Publishing Group}
}

@article{sze2016looking,
  title={Looking for a signal in the noise: revisiting obesity and the microbiome},
  author={Sze, Marc A and Schloss, Patrick D},
  journal={MBio},
  volume={7},
  number={4},
  pages={e01018--16},
  year={2016},
  publisher={Am Soc Microbiol}
}

@article{paulson2013differential,
  title={Differential abundance analysis for microbial marker-gene surveys},
  author={Paulson, Joseph N and Stine, O Colin and Bravo, H{\'e}ctor Corrada and Pop, Mihai},
  journal={Nature methods},
  volume={10},
  number={12},
  pages={1200--1202},
  year={2013},
  publisher={Nature Publishing Group}
}

@article{paulson2017longitudinal,
  title={Longitudinal differential abundance analysis of microbial marker-gene surveys using smoothing splines},
  author={Paulson, Joseph N and Talukder, Hisham and Bravo, H{\'e}ctor Corrada},
  journal={BioRxiv},
  pages={099457},
  year={2017},
  publisher={Cold Spring Harbor Laboratory}
}

@article{jackman2015package,
  title={Package â€˜psclâ€™},
  author={Jackman, Simon and Tahk, Alex and Zeileis, Achim and Maimone, Christina and Fearon, Jim and Meers, Zoe and Jackman, Maintainer Simon and Imports, MASS},
  journal={Political Science Computational Laboratory},
  volume={18},
  number={04.2017},
  year={2015}
}

@article{hart2015navigating,
  title={Navigating the labyrinth: a guide to sequence-based, community ecology of arbuscular mycorrhizal fungi},
  author={Hart, Miranda M and Aleklett, Kristin and Chagnon, Pierre-Luc and Egan, Cameron and Ghignone, Stefano and Helgason, Thorunn and Lekberg, Ylva and {\"O}pik, Maarja and Pickles, Brian J and Waller, Lauren},
  journal={New phytologist},
  volume={207},
  number={1},
  pages={235--247},
  year={2015},
  publisher={Wiley Online Library}
}

@article{la2012hypothesis,
  title={Hypothesis testing and power calculations for taxonomic-based human microbiome data},
  author={La Rosa, Patricio S and Brooks, J Paul and Deych, Elena and Boone, Edward L and Edwards, David J and Wang, Qin and Sodergren, Erica and Weinstock, George and Shannon, William D},
  journal={PloS one},
  volume={7},
  number={12},
  pages={e52078},
  year={2012},
  publisher={Public Library of Science San Francisco, USA}
}

@article{kelly2015power,
  title={Power and sample-size estimation for microbiome studies using pairwise distances and PERMANOVA},
  author={Kelly, Brendan J and Gross, Robert and Bittinger, Kyle and Sherrill-Mix, Scott and Lewis, James D and Collman, Ronald G and Bushman, Frederic D and Li, Hongzhe},
  journal={Bioinformatics},
  volume={31},
  number={15},
  pages={2461--2468},
  year={2015},
  publisher={Oxford University Press}
}

@article{holmes2012dirichlet,
  title={Dirichlet multinomial mixtures: generative models for microbial metagenomics},
  author={Holmes, Ian and Harris, Keith and Quince, Christopher},
  journal={PloS one},
  volume={7},
  number={2},
  pages={e30126},
  year={2012},
  publisher={Public Library of Science San Francisco, USA}
}

@article{zhang2020nbzimm,
  title={NBZIMM: negative binomial and zero-inflated mixed models, with application to microbiome/metagenomics data analysis},
  author={Zhang, Xinyan and Yi, Nengjun},
  journal={BMC bioinformatics},
  volume={21},
  number={1},
  pages={1--19},
  year={2020},
  publisher={Springer}
}

@article{brooks2017glmmtmb,
  title={glmmTMB balances speed and flexibility among packages for zero-inflated generalized linear mixed modeling},
  author={Brooks, Mollie E and Kristensen, Kasper and Van Benthem, Koen J and Magnusson, Arni and Berg, Casper W and Nielsen, Anders and Skaug, Hans J and Machler, Martin and Bolker, Benjamin M},
  journal={The R journal},
  volume={9},
  number={2},
  pages={378--400},
  year={2017},
  publisher={Technische Universitaet Wien}
}

@article{zhang2020zero,
  title={Zero-Inflated gaussian mixed models for analyzing longitudinal microbiome data},
  author={Zhang, Xinyan and Guo, Boyi and Yi, Nengjun},
  journal={PloS one},
  volume={15},
  number={11},
  pages={e0242073},
  year={2020},
  publisher={Public Library of Science San Francisco, CA USA}
}


@article{jeganathan2021statistical,
  title={A statistical perspective on the challenges in molecular microbial biology},
  author={Jeganathan, Pratheepa and Holmes, Susan P},
  journal={Journal of Agricultural, Biological and Environmental Statistics},
  volume={26},
  number={2},
  pages={131--160},
  year={2021},
  publisher={Springer}
}


@article{niku2017generalized,
  title={Generalized linear latent variable models for multivariate count and biomass data in ecology},
  author={Niku, Jenni and Warton, David I and Hui, Francis KC and Taskinen, Sara},
  journal={Journal of Agricultural, Biological and Environmental Statistics},
  volume={22},
  number={4},
  pages={498--522},
  year={2017},
  publisher={Springer}
}
